% Acronyms.
% See also IEEEfull.bib.


% Journals.

@string(ai = "Artificial Intelligence")
@string(cgip = "Computer Graphics, and Image Processing")
@string(cvgip = "Computer Vision, Graphics and Image Processing")
@string(cviu = "Computer Vision, Graphics and Image Processing: Image
                  Understanding")
@string(fss = "Fuzzy Sets and Systems")
@string(gmip = "Computer Vision, Graphics and Image Processing:
                  Graphical Models and Image Processing" )
@string(ijdar = "International Journal on Document Analysis and
                  Recognition")
@string(ijprai = "International Journal of Pattern Recognition and
                  Artificial Intelligence")
@string(itcssp = "{IEEE} Transactions on Circuits, Systems and Signal
                  Processing")
@string(ivc = "Image and Vision Computing")
@string(jacm = "Journal of the ACM")
@string(jas = "Journal of Applied Statistics")
@string(jasa = "Journal of the American Statistical Association")
@string(jasp = "EURASIP Journal on Applied Signal Processing")
@string(jc = "Journal of Cybernetics")
@string(jei = "Journal of Electronic Imaging")
@string(jmiv = "Journal of Mathematical Imaging and Vision")
@string(jvcir = "Journal of Visual Communication and Image
                  Representation")
@string(pr = "Pattern Recognition")
@string(prl = "Pattern Recognition Letters")
@string(sp = "Signal Processing")
@string(spl = "Signal Processing Letters")


% International conferences.

@string(acsc = "ACM Annual Computer Science Conference")
@string(eccv = "European Conference on Computer Vision")
@string(ibpria = "Iberian Conference on Pattern Recognition and Image
                  Analysis")
@string(icassp = "{IEEE} International Conference on Acoustics, Speech,
                  and Signal Processing")
@string(iccv = "International Conference on Computer Vision")
@string(icvpr = "{IEEE} International Conference on Computer Vision and
                  Pattern Recognition")
@string(icga = "{IEEE} Computer Graphics and Applications")
@string(icip = "{IEEE} International Conference on Image Processing")
@string(icpr = "International Conference on Pattern Recognition")
@string(iembs = "{IEEE} International Conference on Engineering in
                  Medicine and Biology Society")
@string(ipmu = "International Conference on Information Processing and
                  Management of Uncertainty in Knowledge-Based Systems")
@string(ismm = "Proceedings of the International Symposium on
                  Mathematical Morphology")
@string(ismm02 = "Mathematical Morphology, Proceedings of the 6th
                  Intl. Symposium")
@string(ismm05 = "Mathematical Morphology: 40 Years On, Proceedings of
                  the International Symposium (ISMM)")
@string(nsip = "{IEEE} Workshop on Nonlinear Signal and Image Processing
                  (NSIP)")


% French conferences.

@string(icisp = "International Conference on Image and Signal
                  Processing")
@string(gretsi = "Colloque sur le Traitement du Signal et des Images")
@string(rfia = "Congr{\`e}s Francophone {AFRIF}-{AFIA} de Reconnaissance
                  des Formes et Intelligence Artificielle")


% Places.

@string(univgronigen = "University of Groningen, the Netherlands")
