@inproceedings{couvreur.04.ciaa,
  author    = {Jean-Michel Couvreur},
  title     = {A {BDD}-Like Implementation of an Automata Package.},
  booktitle = {CIAA},
  year      = {2004},
  pages     = {310-311},
  ee        = {http://springerlink.metapress.com/openurl.asp?genre=article{\&}issn=0302-9743{\&}volume=3317{\&}spage=310},
  crossref  = {zzzref.04.ciaa},
}

@proceedings{zzzref.04.ciaa,
  editor    = {Michael Domaratzki and
               Alexander Okhotin and
               Kai Salomaa and
               Sheng Yu},
  title     = {Implementation and Application of Automata, 9th International
               Conference, CIAA 2004, Kingston, Canada, July 22-24, 2004,
               Revised Selected Papers},
  booktitle = {CIAA},
  publisher = {Springer},
  series    = {Lecture Notes in Computer Science},
  volume    = {3317},
  year      = {2004},
  isbn      = {3-540-24318-6},
  bibsource = {DBLP, http://dblp.uni-trier.de}
}
