@techreport{fraser.91.burg,
  author =	 {Christopher W. Fraser and Robert R. Henry and Todd
                  A. Proebsting},
  title =	 {{BURG}--Fast Optimal Instruction Selection and Tree
                  Parsing},
  number =	 {CS-TR-1991-1066},
  year =	 {1991},
  url =		 {citeseer.ist.psu.edu/henry92burg.html}
}

@article{ fraser.92.acm,
  author =	 "Christopher W. Fraser and David R. Hanson and Todd
                  A. Proebsting",
  title =	 "Engineering a Simple, Efficient Code-Generator
                  Generator",
  journal =	 "ACM Letters on Programming Languages and Systems",
  volume =	 "1",
  number =	 "3",
  month =	 "September",
  publisher =	 "ACM Press",
  pages =	 "213--226",
  year =	 "1992",
  url =
                  "citeseer.ist.psu.edu/article/fraser92engineering.html"
}

@article{ fraser.99.sigplan,
  author =	 "Christopher W. Fraser and Todd A. Proebsting",
  title =	 "Finite-State Code Generation",
  journal =	 "ACM SIG{\-}PLAN Notices",
  volume =	 "34",
  number =	 "5",
  pages =	 "270--280",
  year =	 "1999",
  url =		 "citeseer.ist.psu.edu/319609.html"
}

@article{ gough.97.acsc,
  author =	 "K. John Gough and Jeff Ledermann",
  title =	 "Optimal Code-Selection using {MBURG}",
  journal =	 "Australian Computer Science Comm.: Proc. 20th
                  Australasian Computer Science Conf., ACSC",
  volume =	 "19",
  number =	 "1",
  month =	 "5--7~",
  editor =	 "Malti Patel",
  pages =	 "441--450",
  year =	 "1997",
  url =		 "citeseer.ist.psu.edu/472529.html"
}

@misc{ proebsting.95.onepass,
  author =	 "Todd A. Proebsting and Benjamin R. Whaley",
  title =	 "One-Pass, Optimal Tree Parsing - With Or Without
                  Trees",
  year =	 "1995",
  url =		 "citeseer.ist.psu.edu/193477.html"
}
