@Manual{caseau.01.claire,
  title = 	 {Introduction to the CLAIRE Programming Language Version 3.2},
  author = 	 {Yves Caseau and Fran\,cois Laburthe},
  edition = 	 {3.2},
  month = 	 aug,
  year = 	 2001,
}

@Manual{caseau.06.claire,
  title = 	 {Claire v3.3.39 documentation},
  author = 	 {Yves Caseau and Sylvain Benilan},
  edition = 	 {3.3.39},
  month = 	 dec,
  year = 	 2006,
}

@Misc{ caseau.96.claire,
  author =	 {Yves Caseau and Fran\,cois Laburthe},
  title =	 {{CLAIRE}: a brief overview},
  year =	 1996,
}

@PhdThesis{josset.02.phd,
  author = 	 {Sp\'ecification et compilation d'un langage de haut niveau},
  title = 	 {Fran\,cois-Xavier josset},
  school = 	 {Universit\'e de Versailles Saint-Quentin-en-Yvelines},
  year = 	 {2002},
  month = 	 {jun},
}

@PhdThesis{laburthe.98.phd,
  author = 	 {Fran\,cois Laburthe},
  title = 	 {Contraintes et Algorithmes en Optimisation Combinatoire},
  school = 	 {Universit\'e Paris VII},
  year = 	 {1998},
  month = 	 sep,
}

