@Book{taft.07.adarm,
  author =       {S. Tucker Taft and Robert A. Duff and Randall
                  L. Brukardt and Erhard Ploedereder and Pascal Leroy},
  title =        {Ada 2005 Reference Manual. Language and Standard
                  Libraries: International Standard {ISO/IEC}
                  8652/1995(E) with Technical Corrigendum 1 and
                  Amendment 1},
  publisher =    pub-springer,
  year =         2007,
  series =       coll-lncs,
  ISBN =         3540693351,
}
