@INPROCEEDINGS{moreau.03.apattern,
  author    = {Pierre-\'Etienne Moreau and Christophe Ringeissen and Marian
                  Vittek},
  title     = {A Pattern Matching Compiler for Multiple Target Languages},
  booktitle = {12th Conference on Compiler Construction, Warsaw (Poland),
                  volume 2622 of LNCS},
  year      = {2003},
  pages     = {61--76},
  publisher = {SpringerVerlag}
}

@InProceedings{llvm.04.cgo,
  author    = {Chris Lattner and Vikram Adve},
  title     = "{LLVM: A Compilation Framework for Lifelong Program Analysis
                  \& Transformation}",
  booktitle = "{Proceedings of the 2004 International Symposium on Code
                  Generation and Optimization (CGO'04)}",
  address   = {Palo Alto, California},
  month     = {Mar},
  year      = {2004}
}
