@inproceedings{geoffray.10.vmkit,
  author = {N. Geoffray and G. Thomas and J.Lawall and G. Muller and B. Folliot},
  title = {{VMKit: a Substrate for Managed Runtime Environments}},
  booktitle = {Virtual Execution Environment Conference (VEE 2010)},
  publisher = {ACM Press},
  year = {2010},
  month = {March},
  address = {Pittsburgh, USA}
}

@inproceedings{geoffray.09.ijvm,
  author = {N. Geoffray and G. Thomas and G. Muller and P. Parrend and S. Fr\'enot and B. Folliot},
  title = {{I-JVM: a Java Virtual Machine for Component Isolation in OSGi}},
  booktitle = {International Conference on Dependable Systems and Networks (DSN 2009)},
  publisher = {IEEE Computer Society},
  pdf = {files/ijvm.pdf},
  year = {2009},
  month = {June},
  address = {Estoril, Portugal}
}

@inproceedings{cunei.05.polyd,
  author = {Antonio Cunei and Jan Vitek},
  booktitle = {OOPSLA},
  editor = {Ralph Johnson and Richard P. Gabriel},
  pages = {487-503},
  publisher = {ACM},
  title = {PolyD: a flexible dispatching framework.},
  url = {http://dblp.uni-trier.de/db/conf/oopsla/oopsla2005.html#CuneiV05},
  year = 2005,
  keywords = {dblp},
  ee = {http://doi.acm.org/10.1145/1094811.1094849},
  description = {dblp},
  isbn = {1-59593-031-0},
  biburl = {http://www.bibsonomy.org/bibtex/22cfaea3dc9478f28e9316d002bebee2b/dblp},
  date = {2006-02-13}
}
