% Yes, this is "Companion to the", not "Proceedings of the", because
% it's not in the main volume.  It seems that it was a demo paper, not a
% "real" paper.
@inproceedings{dekorte.05.oopsla,
  author =	 {Steve Dekorte},
  title =	 {Io: a small programming language},
  booktitle =	 {Companion to the 20th annual ACM SIGPLAN conference
                  on Object-oriented programming, systems, languages,
                  and applications (OOPSLA'05)},
  year =	 2005,
  isbn =	 {1-59593-193-7},
  pages =	 {166--167},
  location =	 {San Diego, CA, USA},
  doi =		 {http://doi.acm.org/10.1145/1094855.1094916},
  publisher =	 {ACM},
  address =	 {New York, NY, USA},
}
