@Book{virding.96.erlang,
  title =        {Concurrent Programming in Erlang},
  author =       {Robert Virding and Claes Wikstrom and Mike Williams},
  edition =      2,
  publisher =    {Prentice Hall PTR},
  url =
                  {http://www.amazon.com/Concurrent-Programming-Erlang-Robert-Virding/dp/013508301X%3FSubscriptionId%3D13CT5CVB80YFWJEPWS02%26tag%3Dws%26linkCode%3Dxm2%26camp%3D2025%26creative%3D165953%26creativeASIN%3D013508301X},
  year =         1996,
  biburl =
                  {http://www.bibsonomy.org/bibtex/289f9fdf7b552a6ba4e8663bfb2ec6287/gron},
  description =  {Amazon.com: Concurrent Programming in Erlang (2nd
                  Edition): Robert Virding, Claes Wikstrom, Mike
                  Williams, Joe Armstrong: Books},
  ean =          9780135083017,
  asin =         {013508301X},
  isbn =         {013508301X},
  dewey =        {005.133},
  keywords =     {Concurrency PhD Proposal erlang }
}
