@preamble{{\def\sortunder#1{}}}

@inproceedings{brand.01.cc,
  author =	 "{\sortunder{Brand}}van den Brand, Mark and Deursen,
                  A. van and J. Heering and Jonge, H. de and Jonge,
                  M. de and T. Kuipers and P. Klint and L. Moonen and
                  P. Olivier and J. Scheerder and J. Vinju and
                  E. Visser and J. Visser",
  booktitle =	 "Compiler Construction 2001 (CC'2001)",
  editor =	 "R. Wilhelm",
  pages =	 "365 -- 370",
  publisher =	 "Springer-Verlag",
  series =	 "LNCS",
  title =	 "The {ASF+SDF Meta-Environment}: a Component-Based
                  Language Development Environment",
  volume =	 "2027",
  year =	 "2001"
}

@inproceedings{brand.03.entcs,
  oldkeys =      {brand.2003.entcs},
  author =	 "{\sortunder{Brand}}van den Brand, Mark and Steven
                  Klusener and Leon Moonen and Jurgen J. Vinju",
  title =	 "Generalized Parsing and Term Rewriting: Semantics
                  Driven Disambiguation",
  year =	 "2003",
  editor =	 {B.R. Bryant and J. Saraiva},
  volume =	 "82",
  publisher =	 "Elsevier Science Publishers",
  series =	 "Electronic Notes in Theoretical Computer Science"
}

@inproceedings{jonge.00.gpce,
  author =	 "{\sortunder{Jonge}}de Jonge, Merijn and Joost Visser",
  title =	 {Grammars as Contracts},
  booktitle =	 {Generative and Component-Based Software Engineering,
                  Second International Symposion, GCSE 2000},
  address =	 "Erfurt, Germany",
  year =	 "2001",
  month =	 oct,
  series =	 "Lecture Notes in Computer Science",
  volume =	 "2177",
  publisher =	 "Springer",
  editor =	 "Greg Butler and Stan Jarzabek",
  pages =	 "85--99"
}

@inproceedings{jonge.01.sud,
  author =	 "{\sortunder{Jonge}}de Jonge, Merijn  and Joost Visser",
  booktitle =	 "Proceedings of the Second Stratego Users Day",
  editor =	 "E. Visser",
  month =	 feb,
  number =	 "{UU-CS-2001-54}",
  title =	 "{XT} Capita Selecta",
  year =	 "2001"
}

@misc{kort.03.scam,
  author =	 "J. Kort and R. Lammel",
  title =	 "Parse-Tree Annotations Meet Re-Engineering Concerns",
  text =	 "J. Kort and R. Lammel. Parse-Tree Annotations Meet
                  Re-Engineering Concerns. In Proc. Source Code
                  Analysis and Manipulation (SCAM'03), pages
                  161--172. IEEE Computer Society Press, September
                  2003.",
  year =	 "2003",
  url =		 "citeseer.ist.psu.edu/article/kort03parsetree.html"
}

@article{vandenbrand.00.spt,
  author =	 "{\sortunder{Brand}}van den Brand, Mark and H.A. de
                  Jong and P. Klint and P.A. Olivier",
  title =	 "Efficient Annotated Terms",
  journal =	 "Software, Practice and Experience",
  volume =	 "30",
  number =	 "3",
  year =	 "2000",
  pages =	 "259--291",
  url =		 "citeseer.ist.psu.edu/vandenbrand00efficient.html"
}
