@proceedings{DBLP:conf/tacas/2004,
  editor =	 {Kurt Jensen and Andreas Podelski},
  title =	 {Tools and Algorithms for the Construction and
                  Analysis of Systems, 10th International Conference,
                  TACAS 2004, Held as Part of the Joint European
                  Conferences on Theory and Practice of Software,
                  ETAPS 2004, Barcelona, Spain, March 29 - April 2,
                  2004, Proceedings},
  booktitle =	 {TACAS},
  publisher =	 {Springer},
  series =	 {Lecture Notes in Computer Science},
  volume =	 {2988},
  year =	 {2004},
  isbn =	 {3-540-21299-X},
  bibsource =	 {DBLP, http://dblp.uni-trier.de}
}

@proceedings{DBLP:conf/tacas/2005,
  editor =	 {Nicolas Halbwachs and Lenore D. Zuck},
  title =	 {Tools and Algorithms for the Construction and
                  Analysis of Systems, 11th International Conference,
                  TACAS 2005, Held as Part of the Joint European
                  Conferences on Theory and Practice of Software,
                  ETAPS 2005, Edinburgh, UK, April 4-8, 2005,
                  Proceedings},
  booktitle =	 {TACAS},
  publisher =	 {Springer},
  series =	 {Lecture Notes in Computer Science},
  volume =	 {3440},
  year =	 {2005},
  isbn =	 {3-540-25333-5},
  bibsource =	 {DBLP, http://dblp.uni-trier.de}
}

@inproceedings{alur.96.lics,
  author =	 {Rajeev Alur and Thomas A. Henzinger},
  title =	 {Reactive Modules.},
  booktitle =	 {LICS},
  year =	 {1996},
  pages =	 {207-218},
  bibsource =	 {DBLP, http://dblp.uni-trier.de}
}

@article{AH99,
  key       = {AH99},
  author    = {Rajeev Alur and Thomas A. Henzinger},
  title     = {Reactive Modules},
  journal   = {Formal Methods in System Design},
  year      = {1999},
  pubcat    = {journal},
}

@inproceedings{apmc.www,
  author =	 {Sylvain Peyronnet},
  title =	 {APMC webpage},
  booktitle =	 {http://apmc.berbiqui.org},
}

@Article{arora,
  author =	 {A. Arora and P. Dutta and S. Bapat and
                  V. Kulathumani and H. Zhang and V. Naik and
                  V. Mittal and H. Cao and M. Demirbas and M. Gouda
                  and Y. Choi and T. Herman and S. Kulkarni and
                  U. Arumugam and M. Nesterenko and A. Vora and
                  M. Miyashitet},
  title =	 {A Line in the Sand: A Wireless Sensor Network for
                  Target Detection, Classification, and Tracking},
  journal =	 {Computer Networks},
  year =	 {2004},
  volume =	 {46},
  number =	 {5},
  pages =	 {605--634},
  month =	 {December},
}

@article{csmacd,
  author =	 {Marie Duflot and Laurent Fribourg and Thomas
                  H{\'e}rault and Richard Lassaigne and
                  Fr{\'e}d{\'e}ric Magniette and St{\'e}phane Messika
                  and Sylvain Peyronnet and Claudine Picaronny},
  title =	 {Probabilistic Model Checking of the CSMA/CD Protocol
                  Using PRISM and APMC.},
  journal =	 {Electr. Notes Theor. Comput. Sci.},
  volume =	 {128},
  number =	 {6},
  year =	 {2005},
  pages =	 {195-214},
  ee =		 {http://dx.doi.org/10.1016/j.entcs.2005.04.012},
  bibsource =	 {DBLP, http://dblp.uni-trier.de}
}

@article{dagum,
  author =	 {Paul Dagum and Richard M. Karp and Michael Luby and
                  Sheldon Ross},
  title =	 {An Optimal Algorithm for Monte Carlo Estimation.},
  journal =	 {SIAM J. Comput.},
  volume =	 {29},
  number =	 {5},
  year =	 {2000},
  pages =	 {1484-1496},
  bibsource =	 {DBLP, http://dblp.uni-trier.de}
}

@inproceedings{dakn,
  author =	 {Luca de Alfaro and Marta Z. Kwiatkowska and Gethin
                  Norman and David Parker and Roberto Segala},
  title =	 {Symbolic Model Checking of Probabilistic Processes
                  Using MTBDDs and the Kronecker Representation.},
  booktitle =	 {TACAS},
  year =	 {2000},
  pages =	 {395-410},
  ee =
                  {http://link.springer.de/link/service/series/0558/bibs/1785/17850395.htm},
  crossref =	 {DBLP:conf/tacas/2000},
  bibsource =	 {DBLP, http://dblp.uni-trier.de}
}

@InProceedings{friedman,
  author =	 {Roy Friedman and Guy Korland},
  title =	 {Timed Grid Routing ({TIGR}) Bites off Energy},
  booktitle =	 {Proceedings of MobiHoc 2005},
  year =	 {2005},
}

@inproceedings{grosu,
  author =	 {Radu Grosu and Scott A. Smolka},
  title =	 {Monte Carlo Model Checking.},
  booktitle =	 {TACAS},
  year =	 {2005},
  pages =	 {271-286},
  ee =
                  {http://springerlink.metapress.com/openurl.asp?genre=article{\&}issn=0302-9743{\&}volume=3440{\&}spage=271},
  crossref =	 {DBLP:conf/tacas/2005},
  bibsource =	 {DBLP, http://dblp.uni-trier.de}
}

@inproceedings{herault.04.vmcai,
  author =	 {Thomas H{\'e}rault and Richard Lassaigne and
                  Fr{\'e}d{\'e}ric Magniette and Sylvain Peyronnet},
  title =	 {Approximate Probabilistic Model Checking.},
  booktitle =	 {VMCAI},
  year =	 {2004},
  pages =	 {73-84},
  ee =
                  {http://springerlink.metapress.com/openurl.asp?genre=article{\&}issn=0302-9743{\&}volume=2937{\&}spage=73},
  crossref =	 {xxxref.04.vmcai},
  bibsource =	 {DBLP, http://dblp.uni-trier.de}
}

@Article{hightower,
  author =	 {Jeffrey Hightower and Gaetano Borriello},
  title =	 {Location systems for ubiquitous computing},
  journal =	 {{IEEE} Computer},
  year =	 {2001},
  volume =	 {34},
  number =	 {8},
  pages =	 {57--66},
  month =	 {August},
}

@InProceedings{kwiatkowska.02.tacas,
  author =	 "Marta Z. Kwiatkowska and Gethin Norman and David
                  Parker",
  title =	 "Probabilistic Symbolic Model Checking with {PRISM}:
                  A Hybrid Approach",
  booktitle =	 "Tools and Algorithms for Construction and Analysis
                  of Systems",
  pages =	 "52-66",
  year =	 "2002",
}

@InProceedings{mainwaring,
  author =	 {A. Mainwaring and J. Polastre and D. Culler and
                  J. Anderson},
  title =	 {Wireless sensor networks for habitat monitoring},
  booktitle =	 {Proceedings of the {ACM} International Workshop on
                  Wireless Sensor Networks and Applications},
  year =	 {2002},
  address =	 {Atlanta, GA},
  month =	 {September},
}

@inproceedings{mc,
  author =	 {E. Clarke and O. Grumberg and D. Long},
  title =	 {Model checking},
  booktitle =	 {Proceedings of the NATO Advanced Study Institute on
                  Deductive program design},
  year =	 {1996},
  isbn =	 {3-540-60947-4},
  pages =	 {305--349},
  location =	 {Marktoberdorf, Germany},
  publisher =	 {Springer-Verlag New York, Inc.},
  address =	 {Secaucus, NJ, USA},
}

@inproceedings{monniaux,
  author =	 {David Monniaux},
  title =	 {An abstract Monte-Carlo method for the analysis of
                  probabilistic programs.},
  booktitle =	 {POPL},
  year =	 {2001},
  pages =	 {93-101},
  ee =		 {http://doi.acm.org/10.1145/360204.360211},
  bibsource =	 {DBLP, http://dblp.uni-trier.de}
}

@inproceedings{probmiv,
  author =	 {Richard Lassaigne and Sylvain Peyronnet},
  title =	 {Approximate Verification of Probabilistic Systems.},
  booktitle =	 {PAPM-PROBMIV},
  year =	 {2002},
  pages =	 {213-214},
  ee =
                  {http://link.springer.de/link/service/series/0558/bibs/2399/23990213.htm},
  crossref =	 {DBLP:conf/papm/2002},
  bibsource =	 {DBLP, http://dblp.uni-trier.de}
}

@InProceedings{qing,
  author =	 {Qing Cao and Tarek Abdelzaher},
  title =	 {A scalable logical coordinates framework for routing
                  in wireless sensor networks},
  booktitle =	 {Proceedings of the {IEEE} Real-time Systems
                  Symposium ({IEEE RTSS'04})},
  year =	 {2004},
  address =	 {Lisbon, Portugal},
  month =	 {December},
}

@InProceedings{rao,
  author =	 {A. Rao and S. Ratnasamy and C. Papadimitriou and
                  S. Shenker and I. Stoica},
  title =	 {Geographic routing without location information},
  booktitle =	 {Proceedings of the {ACM} MobiCom Conference},
  pages =	 {96 -- 108},
  year =	 {2003},
  month =	 {September},
}

@inproceedings{sen,
  author =	 {Koushik Sen and Mahesh Viswanathan and Gul Agha},
  title =	 {Statistical Model Checking of Black-Box
                  Probabilistic Systems.},
  booktitle =	 {CAV},
  year =	 {2004},
  pages =	 {202-215},
  ee =
                  {http://springerlink.metapress.com/openurl.asp?genre=article{\&}issn=0302-9743{\&}volume=3114{\&}spage=202},
  crossref =	 {DBLP:conf/cav/2004},
  bibsource =	 {DBLP, http://dblp.uni-trier.de}
}

@inproceedings{simulation5,
  author =	 {Ben Titzer and Daniel K. Lee and Jens Palsberg},
  title =	 {Avrora: scalable sensor network simulation with
                  precise timing.},
  booktitle =	 {IPSN},
  year =	 {2005},
  pages =	 {477-482},
  ee =		 {http://dx.doi.org/10.1109/IPSN.2005.1440978},
  crossref =	 {DBLP:conf/ipsn/2005},
  bibsource =	 {DBLP, http://dblp.uni-trier.de}
}

@book{test,
  author =	 {Glenford J. Myers},
  title =	 {Art of Software Testing},
  year =	 {1979},
  isbn =	 {0471043281},
  publisher =	 {John Wiley \& Sons, Inc.},
  address =	 {New York, NY, USA},
}

@inproceedings{var,
  author =	 {M. Vardi},
  title =	 {Automatic verification of probabilistic concurrent
                  finite-state programs},
  booktitle =	 {FOCS},
  year =	 {1985},
  pages =	 {327--338},
}

% With a "late" author name (xxxref) so that it appears late: stupidly
% enough bibtex requires crossrefs to appear late.
@proceedings{xxxref.04.vmcai,
  editor =	 {Bernhard Steffen and Giorgio Levi},
  title =	 {Verification, Model Checking, and Abstract
                  Interpretation, 5th International Conference, VMCAI
                  2004, Venice, January 11-13, 2004, Proceedings},
  booktitle =	 {VMCAI},
  publisher =	 {Springer},
  series =	 {Lecture Notes in Computer Science},
  volume =	 {2937},
  year =	 {2004},
  isbn =	 {3-540-20803-8},
  bibsource =	 {DBLP, http://dblp.uni-trier.de}
}

@inproceedings{younes,
  author =	 {H{\aa}kan L. S. Younes and Reid G. Simmons},
  title =	 {Probabilistic Verification of Discrete Event Systems
                  Using Acceptance Sampling.},
  booktitle =	 {CAV},
  year =	 {2002},
  pages =	 {223-235},
  ee =
                  {http://link.springer.de/link/service/series/0558/bibs/2404/24040223.htm},
  crossref =	 {DBLP:conf/cav/2002},
  bibsource =	 {DBLP, http://dblp.uni-trier.de}
}
