%%  author   = {{\sortunder{Brand}}van den Brand, Mark G. J. and Visser, Eelco},
@article{brand.96.box,
  author   = {van den Brand, Mark G. J. and Visser, Eelco},
  title    = {Generation of Formatters for Context-free Languages},
  journal  = {ACM Transactions on Software Engineering and Methodology},
  year     = {1996},
  month    = {January},
  volume   = {5},
  number   = {1},
  pages    = {1--41},
  urlacmdl = {http://www.acm.org/pubs/toc/TOC/1049-331X/Vol5.html},
  urlpsgz  = {http://www.cs.uu.nl/people/visser/ftp/BV96.ps.gz},
  pubcat   = {conference},
}

@inproceedings{jonge-gpp-2000,
  author    = {de Jonge, M.},
  title     = "A Pretty-Printer for Every Occasion",
  booktitle = {Proceedings of the 2nd International Symposium on Constructing Software Engineering Tools (CoSET2000)},
  editor    = {Ian Ferguson and Jonathan Gray and Louise Scott},
  year      = 2000,
  month     = jun,
  publisher = {University of Wollongong, Australia},
  pages     = "68--77",
  project   = {Stratego and XT and Pretty-Printing},
  urlbib    = {Jon00.bib},
}

@inproceedings{jonge-pp-2002,
  author    = "Jonge, M. de",
  title     = {Pretty-Printing for Software Reengineering},
  booktitle = {Proceedings of the International Conference on Software Maintenance (ICSM'02)},
  year      = {2002},
  month     = oct,
  isbn      = {0-7695-1819-2},
  pages     = "550--559",
  publisher = {IEEE Computer Society},
  address   = {Washington, DC, USA},
  url       = "http://www.cs.uu.nl/~mdejonge/papers/PrettyPrintingForSoftwareReengineering.pdf"
}
