@Misc{boost.python.www,
  title =	 {{Boost.Python} Home Page},
  author =	 {{Boost Consulting}},
  year =         2005,
  note =	 {\url{http://boost.org/libs/python}},
}

@Misc{boost.www,
  title =	 {{Boost} Home Page},
  author =	 {{Boost development group}},
  year =         2005,
  note =	 {\url{http://boost.org}},
}

@Misc{quantlib.www,
  title =	 {{QuantLib} Home Page},
  author =	 {{QuantLib group}},
  note =	 {\url{http://quantlib.org}},
}

@Misc{swig.www,
  title =	 {{SWIG} Home Page},
  author =	 {{SWIG developers}},
  note =	 {\url{http://www.swig.org}},
}
