%
% This file contains publisher and collection information
%

@String{pub-springer = {Springer-Verlag}}
@String{coll-lncs = {Lectures Notes in Computer Science}}