%% Ritchie D
%
% converted from refer format by refer-to-bibtex 0.7.1
%

@inproceedings{Ritchie67,
   author = {Albert R. Meyer and Dennis M. Ritchie},
   title = {The complexity of loop programs},
   booktitle = {Proc. 22nd ACM National Conference},
   address = {Washington, DC},
   pages = {465--469},
   year = {1967},
   keywords = {ACM complexity},
}

@techreport{Kernighan72,
   author = {B. W. Kernighan and D. M. Ritchie and K. Thompson},
   institution = {Bell Laboratories},
   title = {QED Text Editor},
   type = {Comp. Sci. Tech. Rep. No.},
   number = {5},
   address = {Murray Hill, New Jersey},
   month = {May},
   year = {1972},
   keywords = {DNL CSTR OBS},
   note = {5},
}

@article{Ritchie74,
   author = {D. M. Ritchie and K. Thompson},
   title = {The {\sc unix} Time-Sharing System},
   journal = {Comm. Assoc. Comp. Mach.},
   volume = {17},
   number = {7},
   pages = {365--375},
   month = {July},
   year = {1974},
   keywords = {acm cacm unix DNP},
}

@book{Thompson75,
   author = {K. Thompson and D. M. Ritchie},
   title = {{\sc unix} Programmer's Manual},
   edition = {Sixth},
   publisher = {Bell Laboratories},
   month = {May},
   year = {1975},
   keywords = {unix},
}

@techreport{Ritchie75,
   author = {D. M. Ritchie and B. W. Kernighan and M. E. Lesk},
   institution = {Bell Laboratories},
   title = {The {C} Programming Language},
   type = {Comp. Sci. Tech. Rep. No.},
   number = {31},
   address = {Murray Hill, New Jersey},
   month = {October},
   year = {1975},
   keywords = {CSTR OBS},
   note = {31 Superseded by B. W. Kernighan and D. M. Ritchie, {\it The C Programming Language,} Prentice-Hall, Englewood Cliffs, N.J., 1988.},
}

@book{Kernighan78,
   author = {B. W. Kernighan and D. M. Ritchie},
   title = {The {C} Programming Language},
   publisher = {Prentice-Hall},
   address = {Englewood Cliffs, New Jersey},
   year = {1978},
}

@article{Ritchie78,
   author = {D. M. Ritchie and K. Thompson},
   title = {The {\sc unix} Time-Sharing System},
   journal = {Bell Sys. Tech. J.},
   volume = {57},
   number = {6},
   pages = {1905--1929},
   year = {1978},
   keywords = {unix bstj},
   note = {Also in {\it Comm. ACM}, {\bf 17}, pp. 365-375 (1974).},
}

@book{Thompson78,
   author = {K. Thompson and D. M. Ritchie},
   title = {{\sc unix} Programmer's Manual},
   edition = {Seventh},
   publisher = {Bell Laboratories},
   year = {1978},
   keywords = {unix},
}

@article{Ritchie78a,
   author = {D. M. Ritchie},
   title = {Unix Time-Sharing System: {A} Retrospective},
   journal = {Bell Sys. Tech. J.},
   volume = {57},
   number = {6},
   pages = {1947--1969},
   year = {1978},
   keywords = {unix bstj},
   note = {Also in {\it Proc. Hawaii International Conference on Systems Science,} Honolulu, Hawaii, Jan. 1977.},
}

@article{Johnson78,
   author = {S. C. Johnson and D. M. Ritchie},
   title = {{\sc unix} Time-Sharing System: Portability of {C} Programs and the {\sc unix} System},
   journal = {Bell Sys. Tech. J.},
   volume = {57},
   number = {6},
   pages = {2021--2048},
   year = {1978},
   keywords = {unix bstj},
}

@article{Ritchie78b,
   author = {D. M. Ritchie and S. C. Johnson and M. E. Lesk and B. W. Kernighan},
   title = {Unix Time-Sharing System: The {C} Programming Language},
   journal = {Bell Sys. Tech. J.},
   volume = {57},
   number = {6},
   pages = {1991--2019},
   year = {1978},
   keywords = {bstj},
}

@article{Reeds79,
   author = {J. Reeds and D. M. Ritchie and R. Morris},
   title = {The {H}agelin Cipher Machine ({M}-209): Cryptanalysis from Ciphertext Alone},
   journal = {Cryptologia},
   year = {1979},
   mrnumber = {TM 78-1271-10, TM 78-1273-2},
}

@article{Kernighan79,
   author = {B. W. Kernighan and D. M. Ritchie},
   institution = {DNL},
   title = {The {M4} Macro Processor},
   journal = {{\sc unix} Programmer's Manual},
   type = {Comp. Sci. Tech. Rep. No.},
   volume = {2},
   publisher = {Bell Laboratories Bell Laboratories},
   address = {Murray Hill, New Jersey Murray Hill, N.J.},
   month = {July},
   year = {1979},
   keywords = {cstr},
   mrnumber = {TM 77-1273-6},
   note = {59 Section 23},
}

@inproceedings{Ritchie79,
   author = {D. M. Ritchie},
   title = {The Evolution of the {\sc unix} Time-Sharing System},
   booktitle = {Proc. of Symp. on Language Design \& Programming Methodology},
   address = {Sydney},
   month = {September},
   year = {1979},
   note = {Also in {\it BLTJ}, 63 (8, Part 2), pp. 1897-1910, October, 1984},
}

@article{Kernighan80,
   author = {B. W. Kernighan and D. M. Ritchie},
   title = {The {C} Programming Language},
   journal = {Encyclopedia of Computer Science},
   year = {1980},
}

@article{Kernighan80a,
   author = {B. W. Kernighan and D. M. Ritchie},
   title = {The {\sc unix} Time-Sharing System},
   journal = {Encyclopedia of Computer Science},
   year = {1980},
}

@article{Ritchie84,
   author = {D. M. Ritchie},
   title = {A Stream Input-Output System},
   journal = {BLTJ},
   volume = {63},
   number = {8, Part 2},
   pages = {1897--1910},
   month = {October},
   year = {1984},
}

@inproceedings{Presotto85,
   author = {D. L. Presotto and D. M. Ritchie},
   title = {Interprocess Communication in the Eighth Edition {\sc unix} System},
   booktitle = {Proceedings USENIX Association Summer Conference},
   address = {Portland, Oregon},
   year = {1985},
}

@inproceedings{Ritchie87,
   author = {D. M. Ritchie},
   title = {{\sc unix} - {A} Dialectic},
   booktitle = {Proceedings USENIX Association Winter Conference},
   address = {Washington, DC},
   year = {1987},
}

@article{Kernighan88,
   author = {B. W. Kernighan and D. M. Ritchie},
   title = {The State of {C}},
   journal = {BYTE},
   volume = {13},
   number = {8},
   pages = {205--210},
   month = {August},
   year = {1988},
}

@inproceedings{Ritchie88,
   author = {D. M. Ritchie},
   title = {A Guest Facility for {U}nicos},
   booktitle = {Proceedings USENIX Conference on Supercomputing},
   address = {Pittsburgh, PA},
   month = {September},
   year = {1988},
}

@book{Kernighan88a,
   author = {B. W. Kernighan and D. M. Ritchie},
   title = {The {C} Programming Language, Second Edition},
   publisher = {Prentice-Hall},
   address = {Englewood Cliffs, New Jersey},
   year = {1988},
}

@article{Presotto90,
   author = {D. L. Presotto and D. M. Ritchie},
   title = {Interprocess Communication in the Ninth Edition {\sc unix} System},
   journal = {Software--Practice and Experience},
   volume = {20},
   number = {S1},
   pages = {S1/3--S1-17},
   month = {June},
   year = {1990},
}

@article{Ritchie90,
   author = {D. M. Ritchie},
   title = {Variable-Size Arrays in {C}},
   journal = {Journal of C Language Translation},
   volume = {2},
   number = {2},
   pages = {81--86},
   month = {September},
   year = {1990},
}

@inproceedings{Ritchie93,
   author = {D. M. Ritchie},
   title = {The Development of the {C} Language},
   booktitle = {Proceedings, ACM History of Programming Languages II},
   address = {Cambridge, MA},
   month = {April},
   year = {1993},
}

@inproceedings{Dorward97,
   author = {S. Dorward, D. Presotto, H. Trickey, R. Pike, D. Ritchie, P. Winterbottom},
   title = {Inferno$^{\sc tm}$},
   booktitle = {Proceedings of {C}ompcon 97},
   year = {1997},
}

@article{Dorward97a,
   author = {S. Dorward, D. Presotto, H. Trickey, R. Pike, D. Ritchie, P. Winterbottom},
   article = {The {I}nferno Operating System},
   journal = { Bell Labs Technical Journal },
   volume={2},
   number={1},
   pages = {5--18},
   month = { Winter },
   year = {1997},
}

@article{Pike99a,
   author = {R. Pike, D. Ritchie},
   title = { The Styx Architechture for Distributed Systems },
   journal = { Bell Labs Technical Journal },
   volume={4},
   number={2},
   pages = {146--152},
   year = {1999},
}

