@InProceedings{amor.06.rivf,
  title =	 {A Percolation Based Model for {ATC} Simulation},
  authors =	 {Soufian Ben Amor and Dac Huy Tran and Marc Bui},
  booktitle =	 {Proceedings of the Fourth International Conference on
                  Computer Sciences, Research, Innovation and Vision for the
                  Future (RIVF'06)},
  year =	 2006,
  address =	 {Ho Chi Minh City, Vietnam},
  isbn =         {1-4244-0316-2},
  month =	 {February},
  pages =	 {17--23},
}

@InProceedings{bac-le.06.rivf,
  title =	 {Applied Particle Filter in Traffic Tracking},
  authors =	 {Hoai Bac Le and Nam Trung Pham and Vu Le Nguyen
                  Tuong and},
  booktitle =	 {Proceedings of the Fourth International Conference on
                  Computer Sciences, Research, Innovation and Vision for the
                  Future (RIVF'06)},
  year =	 2006,
  address =	 {Ho Chi Minh City, Vietnam},
  isbn =         {1-4244-0316-2},
  month =	 {February},
  pages =	 {244--248},
}

@InProceedings{cooper.06.rivf,
  title =	 {Interactive Resolution of Conflicts in a {3D}
                  Stereoscopic Environment for Air Traffic Control},
  authors =	 {Matt Cooper and Marcus Lange and Thong Dang},
  booktitle =	 {Proceedings of the Fourth International Conference on
                  Computer Sciences, Research, Innovation and Vision for the
                  Future (RIVF'06)},
  year =	 2006,
  address =	 {Ho Chi Minh City, Vietnam},
  isbn =         {1-4244-0316-2},
  month =	 {February},
  pages =	 {32--40},
}

@InProceedings{cuong-le.06.rivf,
  title =	 {Weighted Combination of Classifiers for Word Sense
                  Disambiguation Based on {Dempster}-{Shafer} Theory},
  authors =	 {Anh-Cuong Le and Van-Nam Huynh and Akira Shimazu and
                  Hieu-Chi Dam},
  booktitle =	 {Proceedings of the Fourth International Conference on
                  Computer Sciences, Research, Innovation and Vision for the
                  Future (RIVF'06)},
  year =	 2006,
  address =	 {Ho Chi Minh City, Vietnam},
  isbn =         {1-4244-0316-2},
  month =	 {February},
  pages =	 {133--139},
}

@InProceedings{d'aspremont.06.rivf,
  title =	 {Optimal Path Planning for Air Traffic Flow
                  Management under Stochastic Weather and Capacity
                  Constraints},
  authors =	 {Alexandre d'Aspremont and Devan Sohier and Arnab
                  Nilim and Laurent Elghaoui and Vu Duong},
  booktitle =	 {Proceedings of the Fourth International Conference on
                  Computer Sciences, Research, Innovation and Vision for the
                  Future (RIVF'06)},
  year =	 2006,
  address =	 {Ho Chi Minh City, Vietnam},
  isbn =         {1-4244-0316-2},
  month =	 {February},
  pages =	 {1--6},
}

@InProceedings{dangauthors.06.rivf,
  title =	 {More Extensions of Weak Oblivious Transfer},
  authors =	 {Minh-Dung Dang},
  booktitle =	 {Proceedings of the Fourth International Conference on
                  Computer Sciences, Research, Innovation and Vision for the
                  Future (RIVF'06)},
  year =	 2006,
  address =	 {Ho Chi Minh City, Vietnam},
  isbn =         {1-4244-0316-2},
  month =	 {February},
  pages =	 {40--45},
}

@InProceedings{dat-nguyen.06.rivf,
  title =	 {A Statistical Approach for Universal Networking
                  Language-based Relation Extraction},
  authors =	 {Dat P.T. Nguyen and Mitsuru Ishizuka},
  booktitle =	 {Proceedings of the Fourth International Conference on
                  Computer Sciences, Research, Innovation and Vision for the
                  Future (RIVF'06)},
  year =	 2006,
  address =	 {Ho Chi Minh City, Vietnam},
  isbn =         {1-4244-0316-2},
  month =	 {February},
  pages =	 {153--161},
}

@InProceedings{demaille.06.rivf,
  title =	 {Probabilistic Verification of Sensor Networks},
  authors =	 {Akim Demaille and Thomas H\'erault and Sylvain
                  Peyronnet},
  booktitle =	 {Proceedings of the Fourth International Conference on
                  Computer Sciences, Research, Innovation and Vision for the
                  Future (RIVF'06)},
  year =	 2006,
  address =	 {Ho Chi Minh City, Vietnam},
  isbn =         {1-4244-0316-2},
  month =	 {February},
  pages =	 {45--55},
}

@InProceedings{dien-dinh.06.rivf,
  title =	 {A Maximum Entropy Approach for Vietnamese Word
                  Segmentation},
  authors =	 {Dien Dinh and Thuy Vu},
  booktitle =	 {Proceedings of the Fourth International Conference on
                  Computer Sciences, Research, Innovation and Vision for the
                  Future (RIVF'06)},
  year =	 2006,
  address =	 {Ho Chi Minh City, Vietnam},
  isbn =         {1-4244-0316-2},
  month =	 {February},
  pages =	 {248--254},
}

@InProceedings{dinh.06.rivf,
  title =	 {Multi-level Ant System : A New Approach Through the
                  New Pheromone Update for Ant Colony Optimization},
  authors =	 {Quang Huy Dinh and Duc Dong Do and Xuan Huan Hoang},
  booktitle =	 {Proceedings of the Fourth International Conference on
                  Computer Sciences, Research, Innovation and Vision for the
                  Future (RIVF'06)},
  year =	 2006,
  address =	 {Ho Chi Minh City, Vietnam},
  isbn =         {1-4244-0316-2},
  month =	 {February},
  pages =	 {55--59},
}

@InProceedings{do.06.rivf,
  title =	 {Classifying One Billion Data with a New Distributed
                  {SVM} Algorithm},
  authors =	 {Thanh-Nghi Do and Fran\,c{}ois Poulet},
  booktitle =	 {Proceedings of the Fourth International Conference on
                  Computer Sciences, Research, Innovation and Vision for the
                  Future (RIVF'06)},
  year =	 2006,
  address =	 {Ho Chi Minh City, Vietnam},
  isbn =         {1-4244-0316-2},
  month =	 {February},
  pages =	 {59--67},
}

@InProceedings{doan.06.rivf,
  title =	 {An Energy-Efficient Initialization Algorithm for
                  Random Radio Networks},
  authors =	 {Binh Thanh Doan and Christian Lavault and Stephan
                  Olariu and Vlady Ravelomanana},
  booktitle =	 {Proceedings of the Fourth International Conference on
                  Computer Sciences, Research, Innovation and Vision for the
                  Future (RIVF'06)},
  year =	 2006,
  address =	 {Ho Chi Minh City, Vietnam},
  isbn =         {1-4244-0316-2},
  month =	 {February},
  pages =	 {126--133},
}

@InProceedings{duong.06.rivf,
  title =	 {Generating Complete University Course Timetables by
                  Using Local Search Methods},
  authors =	 {Tuan Anh Duong and Hoang Tam Vo and Quoc Viet Hung
                  Nguyen},
  booktitle =	 {Proceedings of the Fourth International Conference on
                  Computer Sciences, Research, Innovation and Vision for the
                  Future (RIVF'06)},
  year =	 2006,
  address =	 {Ho Chi Minh City, Vietnam},
  isbn =         {1-4244-0316-2},
  month =	 {February},
  pages =	 {67--75},
}

@InProceedings{ferchaud.06.rivf,
  title =	 {Reallocation Time Calculation According to Slot
                  Occupation Rage},
  authors =	 {Fr\'ed\'eric Ferchaud and Alexandre d'Aspremont},
  booktitle =	 {Proceedings of the Fourth International Conference on
                  Computer Sciences, Research, Innovation and Vision for the
                  Future (RIVF'06)},
  year =	 2006,
  address =	 {Ho Chi Minh City, Vietnam},
  isbn =         {1-4244-0316-2},
  month =	 {February},
  pages =	 {75--81},
}

@InProceedings{hirankitti.06.rivf,
  title =	 {A Meta-logical Approach for Reasoning with Semantic
                  Web Ontologies},
  authors =	 {Visit Hirankitti and Xuan Vuong Tran},
  booktitle =	 {Proceedings of the Fourth International Conference on
                  Computer Sciences, Research, Innovation and Vision for the
                  Future (RIVF'06)},
  year =	 2006,
  address =	 {Ho Chi Minh City, Vietnam},
  isbn =         {1-4244-0316-2},
  month =	 {February},
  pages =	 {229--237},
}

@InProceedings{ho.06.rivf,
  title =	 {A Structured Indexing Model Based on Noun Phrases},
  authors =	 {Bao-Quoc Ho and Thi Bich Thuy Dong and Jean-Pierre
                  Chevallet and Marie-France Bruandet},
  booktitle =	 {Proceedings of the Fourth International Conference on
                  Computer Sciences, Research, Innovation and Vision for the
                  Future (RIVF'06)},
  year =	 2006,
  address =	 {Ho Chi Minh City, Vietnam},
  isbn =         {1-4244-0316-2},
  month =	 {February},
  pages =	 {81--90},
}

@InProceedings{huy-to.06.rivf,
  title =	 {A New Approach to Multi-Stream Automatic Speech
                  Recognition},
  authors =	 {Cuong Huy To},
  booktitle =	 {Proceedings of the Fourth International Conference on
                  Computer Sciences, Research, Innovation and Vision for the
                  Future (RIVF'06)},
  year =	 2006,
  address =	 {Ho Chi Minh City, Vietnam},
  isbn =         {1-4244-0316-2},
  month =	 {February},
  pages =	 {222--229},
}

@InProceedings{huynh.06.rivf,
  title =	 {Extracting Representative Measures for The
                  Post-Processing of Association Rules},
  authors =	 {Xuan-Hiep Huynh and Fabrice Guillet and Henri
                  Briand},
  booktitle =	 {Proceedings of the Fourth International Conference on
                  Computer Sciences, Research, Innovation and Vision for the
                  Future (RIVF'06)},
  year =	 2006,
  address =	 {Ho Chi Minh City, Vietnam},
  isbn =         {1-4244-0316-2},
  month =	 {February},
  pages =	 {99--107},
}

@InProceedings{idrissi.06.rivf,
  title =	 {Modeling and Optimization of the Capacity Allocation
                  Problem with Constraints},
  authors =	 {Abdellah Idrissi and Chu Min Li},
  booktitle =	 {Proceedings of the Fourth International Conference on
                  Computer Sciences, Research, Innovation and Vision for the
                  Future (RIVF'06)},
  year =	 2006,
  address =	 {Ho Chi Minh City, Vietnam},
  isbn =         {1-4244-0316-2},
  month =	 {February},
  pages =	 {107--117},
}

@InProceedings{khiet-nguyen.06.rivf,
  title =	 {A Proposed Framework for Building a Recommender
                  Search Engine},
  authors =	 {Khiet K Nguyen and Duc A. Duong and Nhan D.D. Le},
  booktitle =	 {Proceedings of the Fourth International Conference on
                  Computer Sciences, Research, Innovation and Vision for the
                  Future (RIVF'06)},
  year =	 2006,
  address =	 {Ho Chi Minh City, Vietnam},
  isbn =         {1-4244-0316-2},
  month =	 {February},
  pages =	 {161--167},
}

@InProceedings{le.06.rivf,
  title =	 {Enhancement of {AGT} Telecommunication Security
                  using Quantum Cryptography},
  authors =	 {Quoc-Cuong Le and Patrick Bellot},
  booktitle =	 {Proceedings of the Fourth International Conference on
                  Computer Sciences, Research, Innovation and Vision for the
                  Future (RIVF'06)},
  year =	 2006,
  address =	 {Ho Chi Minh City, Vietnam},
  isbn =         {1-4244-0316-2},
  month =	 {February},
  pages =	 {7--16},
}

@InProceedings{lien-pham.06.rivf,
  title =	 {An Adaptive Distributed Algorithm for the Maximum
                  Flow Problem in the Underlying Asynchronous Network},
  authors =	 {Thuy Lien Pham and Marc Bui and Ivan Lavallee and Si
                  Hoang Do},
  booktitle =	 {Proceedings of the Fourth International Conference on
                  Computer Sciences, Research, Innovation and Vision for the
                  Future (RIVF'06)},
  year =	 2006,
  address =	 {Ho Chi Minh City, Vietnam},
  isbn =         {1-4244-0316-2},
  month =	 {February},
  pages =	 {187--195},
}

@InProceedings{manh-nguyen.06.rivf,
  title =	 {Zero-Latency Data Warehousing ({ZLDWH}): the
                  State-of-the-art and Experimental Implementation
                  Approaches},
  authors =	 {Tho Manh Nguyen and Amin Tjoa},
  booktitle =	 {Proceedings of the Fourth International Conference on
                  Computer Sciences, Research, Innovation and Vision for the
                  Future (RIVF'06)},
  year =	 2006,
  address =	 {Ho Chi Minh City, Vietnam},
  isbn =         {1-4244-0316-2},
  month =	 {February},
  pages =	 {167--177},
}

@InProceedings{nguyen.06.rivf,
  title =	 {Vietnamese Proper Noun Recognition},
  authors =	 {Chau Q. Nguyen and Tuoi T. Phan and Tru H. Cao},
  booktitle =	 {Proceedings of the Fourth International Conference on
                  Computer Sciences, Research, Innovation and Vision for the
                  Future (RIVF'06)},
  year =	 2006,
  address =	 {Ho Chi Minh City, Vietnam},
  isbn =         {1-4244-0316-2},
  month =	 {February},
  pages =	 {145--153},
}

@InProceedings{percher.06.rivf,
  title =	 {Improving the Efficiency of Intrusion Detection in
                  Ad Hoc Networks with Mobile Code},
  authors =	 {Jean-Marc Percher and Olivier Camp},
  booktitle =	 {Proceedings of the Fourth International Conference on
                  Computer Sciences, Research, Innovation and Vision for the
                  Future (RIVF'06)},
  year =	 2006,
  address =	 {Ho Chi Minh City, Vietnam},
  isbn =         {1-4244-0316-2},
  month =	 {February},
  pages =	 {23--32},
}

@InProceedings{pham.06.rivf,
  title =	 {Comparison of Models Using Time-Frequency Features
                  for Speech Classification},
  authors =	 {Tuan Van Pham and Gernot Kubin},
  booktitle =	 {Proceedings of the Fourth International Conference on
                  Computer Sciences, Research, Innovation and Vision for the
                  Future (RIVF'06)},
  year =	 2006,
  address =	 {Ho Chi Minh City, Vietnam},
  isbn =         {1-4244-0316-2},
  month =	 {February},
  pages =	 {117--126},
}

@InProceedings{savourey.06.rivf,
  title =	 {Lower Bounds for Parallel Machines Scheduling},
  authors =	 {David Savourey and Philippe Baptiste and Antoine
                  Jouglet},
  booktitle =	 {Proceedings of the Fourth International Conference on
                  Computer Sciences, Research, Innovation and Vision for the
                  Future (RIVF'06)},
  year =	 2006,
  address =	 {Ho Chi Minh City, Vietnam},
  isbn =         {1-4244-0316-2},
  month =	 {February},
  pages =	 {195--199},
}

@InProceedings{ta.06.rivf,
  title =	 {Client Assignment Algorithms for Enhancing
                  Interactivity in Distributed Virtual Environments},
  authors =	 {Duong Nguyen Binh Ta and Suiping Zhou},
  booktitle =	 {Proceedings of the Fourth International Conference on
                  Computer Sciences, Research, Innovation and Vision for the
                  Future (RIVF'06)},
  year =	 2006,
  address =	 {Ho Chi Minh City, Vietnam},
  isbn =         {1-4244-0316-2},
  month =	 {February},
  pages =	 {199--206},
}

@InProceedings{tarassov.06.rivf,
  title =	 {Using Ontologies for Representation of Individual
                  and Enterprise Competence Models},
  authors =	 {Vladimir Tarassov and Kurt Sandkuhl and Bengt
                  Henoch},
  booktitle =	 {Proceedings of the Fourth International Conference on
                  Computer Sciences, Research, Innovation and Vision for the
                  Future (RIVF'06)},
  year =	 2006,
  address =	 {Ho Chi Minh City, Vietnam},
  isbn =         {1-4244-0316-2},
  month =	 {February},
  pages =	 {206--214},
}

@InProceedings{thang-dinh.06.rivf,
  title =	 {Hand Gesture Classification Using Boosted Cascade of
                  Classifiers},
  authors =	 {Thang B. Dinh and Van B. Dang and Duc A. Duong and
                  Tuan T. Nguyen and Duy-Dinh Le and},
  booktitle =	 {Proceedings of the Fourth International Conference on
                  Computer Sciences, Research, Innovation and Vision for the
                  Future (RIVF'06)},
  year =	 2006,
  address =	 {Ho Chi Minh City, Vietnam},
  isbn =         {1-4244-0316-2},
  month =	 {February},
  pages =	 {139--145},
}

@InProceedings{thi.06.rivf,
  title =	 {Description Logic Approach for Query Processing over
                  Distributed Learning Metadata Repositories},
  authors =	 {Anh Duong Hoang Thi and Thanh Binh Nguyen},
  booktitle =	 {Proceedings of the Fourth International Conference on
                  Computer Sciences, Research, Innovation and Vision for the
                  Future (RIVF'06)},
  year =	 2006,
  address =	 {Ho Chi Minh City, Vietnam},
  isbn =         {1-4244-0316-2},
  month =	 {February},
  pages =	 {90--99},
}

@InProceedings{to.06.rivf,
  title =	 {A Combination of Kernel Methods and Genetic
                  Programming for Gene Expression Pattern
                  Classification},
  authors =	 {Cuong To and Jiri Vohradsky},
  booktitle =	 {Proceedings of the Fourth International Conference on
                  Computer Sciences, Research, Innovation and Vision for the
                  Future (RIVF'06)},
  year =	 2006,
  address =	 {Ho Chi Minh City, Vietnam},
  isbn =         {1-4244-0316-2},
  month =	 {February},
  pages =	 {214--222},
}

@InProceedings{tran-le.06.rivf,
  title =	 {Ridge and Valley based Face Detection},
  authors =	 {Du H. Tran-Le and Duc A. Duong and Nguyen Vu Duong},
  booktitle =	 {Proceedings of the Fourth International Conference on
                  Computer Sciences, Research, Innovation and Vision for the
                  Future (RIVF'06)},
  year =	 2006,
  address =	 {Ho Chi Minh City, Vietnam},
  isbn =         {1-4244-0316-2},
  month =	 {February},
  pages =	 {237--244},
}

@InProceedings{vu.06.rivf,
  title =	 {An Operational Approach for Analyzing {ICT}-based
                  constructivist and Adaptive Learning Systems},
  authors =	 {Minh Chieu Vu and Thi Viet Anh Dao and Khac Hung
                  Pham},
  booktitle =	 {Proceedings of the Fourth International Conference on
                  Computer Sciences, Research, Innovation and Vision for the
                  Future (RIVF'06)},
  year =	 2006,
  address =	 {Ho Chi Minh City, Vietnam},
  isbn =         {1-4244-0316-2},
  month =	 {February},
  pages =	 {177--187},
}
