@inproceedings{bagge.06.gpce,
 author = {Anya Helene Bagge and Valentin David and Magne Haveraaen and Karl Trygve Kalleberg},
 title = {Stayin' alert:: moulding failure and exceptions to your needs},
 booktitle = {GPCE '06: Proceedings of the 5th international conference on Generative programming and component engineering},
 year = {2006},
 isbn = {1-59593-237-2},
 pages = {265--274},
 location = {Portland, Oregon, USA},
 doi = {http://doi.acm.org/10.1145/1173706.1173747},
 publisher = {ACM Press},
 address = {New York, NY, USA},
 }
