% Signal and Image Processing.

% To be used with
% - acronyms.bib and IEEEfull.bib, or
% - acronyms-abrv.bib and IEEEabrv.bib.


@InProceedings{alcoverro.08.3dtv,
  title =	 {Region-Based {3D} Artwork Indexing and
                  Classification},
  author =	 {Marcel Alcoverro and Sylvie Philipp-Foliguet and
                  Michel Jordan and Laurent Najman and Jean Cousty},
  booktitle =	 {3DTV Conference: The True Vision -- Capture,
                  Transmission and Display of 3D Video},
  year =	 2008,
  month =	 may,
  pages =	 {393--396},
  keywords =	 {art, database indexing, image classification, image
                  segmentation, search engines, visual databases3D
                  region descriptor bags, 3D surface segmentation,
                  database classification, region-based 3D artwork
                  database indexing, search engine},
  doi =		 {10.1109/3DTV.2008.4547891},
}

@InProceedings{berti.00.tmpw,
  author = 	 {Guntram Berti},
  title = 	 {Generic Components for Grid Data Structures and
                  Algorithms with {\Cxx}},
  booktitle =	 {Proceedings of the First {\Cxx} Template Programming
                  Workshop},
  year =	 2000,
  address =	 {Erfurt, Germany},
  month =	 oct,
  lrdedoc =	 {sip/image/complex/berti.00.tmpw.pdf},
}

@Article{berti.06.fgcs,
  author =	 {Guntram Berti},
  title =	 {{GrAL}: the grid algorithms library},
  journal =	 {Future Generation Computer Systems},
  volume =	 22,
  number =	 1,
  year =	 2006,
  issn =	 {0167-739X},
  pages =	 {110--122},
  doi =		 {http://dx.doi.org/10.1016/j.future.2003.09.002},
  publisher =	 {Elsevier Science Publishers B. V.},
  address =	 {Amsterdam, The Netherlands, The Netherlands},
  lrdedoc =	 {sip/image/complex/berti.06.fgcs.pdf},
}

@Inproceedings{bertrand.99.dgci,
  author =	 {Gilles Bertrand and Michel Couprie},
  title =	 {A Model for Digital Topology},
  booktitle =	 {Proceedings of the 8th International Conference on
                  Discrete Geometry for Computer Imagery (DCGI)},
  year =	 1999,
  isbn =	 {3-540-65685-5},
  pages =	 {229--241},
  publisher =	 {Springer-Verlag},
  address =	 {London, UK},
}

@InCollection{	  bertrand.08.chapter,
  author =	 {Gilles Bertrand and Michel Couprie and Jean Cousty
                  and Laurent Najman},
  title =	 {Chapter title : Ligne de partage des eaux dans les
                  espaces discrets},
  booktitle =	 {Morphologie math\'ematique : approches
                  d\'eterministes},
  publisher =	 {Hermes Sciences Publications},
  editor =	 {Laurent Najman and Hugues Talbot},
  year =	 2008,
  pages =	 {123--149},
  chapter =	 4,
  keywords =	 {morphologie math\'ematique, ligne de partage des
                  eaux},
}

@InProceedings{cousty.08.dgci,
  author =	 {Jean Cousty and Gilles Bertrand and Laurent Najman
                  and Michel Couprie},
  title =	 {On Watershed Cuts and Thinnings},
  booktitle =	 {Proceedings of the 14th IAPR International
                  Conference on Discrete Geometry for Computer Imagery
                  (DGCI)},
  year =	 2008,
  pages =	 {434--445},
  address =	 {Lyon, France},
  ee =		 {http://dx.doi.org/10.1007/978-3-540-79126-3_39},
  bibsource =	 {DBLP, http://dblp.uni-trier.de},
}

@Article{cousty.09.pami,
  author = 	 {Jean Cousty and Gilles Bertrand and Laurent Najman and Michel
                  Couprie},
  title = 	 {Watershed cuts: minimum spanning forests and the
                  drop of water principle},
  journal = 	 IEEE_J_PAMI,
  year = 	 2009,
  note =	 {To appear.},
}

@Unpublished{cousty.09.ismm,
  author = 	 {Jean Cousty and Laurent Najman and Jean Serra},
  title = 	 {Some morphological operators in graph spaces},
  note = 	 {Submitted to the Ninth International Symposium on
                  Mathematical Morphology (ISMM)},
  year =	 2009,
  lrdedoc =	 {sip/image/morpho/cousty.09.ismm-submitted.pdf}
}

@Article{edmonds.60.nams,
  author =	 {Jack Edmonds},
  title =	 {A combinatorial representation for polyhedral
                  surfaces},
  journal =	 {Notices of the American Mathematical Society},
  year =	 1960,
  volume =	 7,
}

@PhdThesis{enficiaud.07.phd,
  author = 	 {Raffi Enficiaud},
  title = 	 {Algorithmes multidimensionnels et multispectraux en
                  Morphologie Math\'ematique : approche par
                  m\'eta-programmation},
  school = 	 {Centre de Morphologie Math\'ematique (CMM), \'Ecole
                  Nationale Sup\'erieure des Mines de Paris (ENSMP)},
  year = 	 2007,
  address =	 {Paris, France},
  month =	 feb,
  lrdedoc =	 {sip/image/phd_reports/enficiaud.2007.phd.pdf}
}

@InProceedings{jones.97.nsip,
  author = 	 {Ronald Jones},
  title = 	 {Component Trees for Image Filtering and Segmentation},
  booktitle =	 nsip,
  year =	 {1997},
  editor =	 {E. Coyle},
  address =	 {Mackinac Island},
  month =	 {September},
  lrdedoc =      {sip/image/morpho/connected_filters/jones.97.nsip.ps},
}

@Article{goutsias.00.fi,
  author =	 {John Goutsias and Henk J. A. M. Heijmans},
  title =	 {Fundamenta morphologicae mathematicae},
  journal =	 {Fundamenta Informaticae},
  volume =	 41,
  number =	 {1-2},
  year =	 2000,
  issn =	 {0169-2968},
  pages =	 {1--31},
  publisher =	 {IOS Press},
  address =	 {Amsterdam, The Netherlands, The Netherlands},
  lrdedoc =	 {sip/image/morpho/theory/goutsias.00.fi.pdf},
}

@InCollection{heijmans.92.chapter,
  author =	 {Henk Heijmans and Luc Vincent},
  title =	 {Graph Morphology in Image Analysis},
  booktitle =	 {Mathematical Morphology in Image Processing},
  editor =	 {Edward R. Dougherty},
  publisher =	 {Marcel Dekker},
  year =	 1992,
  month =	 sep,
  pages =	 {171--203},
  isbn =	 9780824787240,
}

@TechReport{kapoor.00.tr,
  author =	 {Vikas Kapoor and Dietmar K\"uhl and Alexander Wolff},
  title =	 {A generic design concept for geometric algorithms},
  institution =	 {Institut f\"ur Informatik, Freie Universit\"at Berlin},
  year =	 2000,
  key =		 {B 00-10},
  month =	 jun,
  howpublished = {http://www.inf.fu-berlin.de/inst/pubs/tr-b-00-10.abstract.html},
  lrdedoc =	 {sip/image/programming/kapoor.00.tr.ps},
}

@Article{koethe.00.cppr,
  author =	 {Ullrich K\"othe},
  title =	 {{STL}-Style Generic Programming with Images},
  journal =	 {{\Cxx} Report Magazine},
  year =	 2000,
  volume =	 12,
  number =	 1,
  pages =	 {24--30},
  month =	 jan,
  lrdedoc =	 {sip/image/programming/koethe.00.cppr.ps.gz},
}

@InCollection{koethe.01.dig,
  author =	 {Ullrich K\"othe},
  title =	 {Generic Programming Techniques that Make Planar Cell
                  Complexes Easy to Use},
  booktitle =	 {Digital and Image Geometry},
  pages =	 {17--37},
  publisher =	 {Springer-Verlag},
  year =	 2001,
  editor =	 {Gilles Bertrand and Atsushi Imiya and Reinhard
                  Klette},
  volume =	 2243,
  series =	 {Lecture Notes in Computer Science},
  chapter =	 2,
  address =	 {Berlin, Germany},
  lrdedoc =	 {sip/image/complex/koethe.01.dig.pdf},
}

@InCollection{koethe.98.hcva,
  author = 	 {Ullrich K\"othe},
  title = 	 {Reusable Software in Computer Vision},
  booktitle = 	 {Handbook of Computer Vision and Applications},
  pages =	 {103--132},
  publisher =	 {Academic Press},
  year =	 1999,
  editor =	 {Bernd J\"ahne and Horst Haussecker and Peter Gei\ss{}ler},
  volume =	 {3: Systems and Applications},
  address =	 {San Diego, CA, USA},
  lrdedoc =	 {sip/image/programming/koethe.98.hcva.pdf}
}

@InProceedings{kettner.98.scg,
  author =	 {Lutz Kettner},
  title =	 {Designing a data structure for polyhedral surfaces},
  booktitle =	 {Proceedings of the Fourteenth Annual Symposium on
                  Computational Geometry (SCG)},
  year =	 1998,
  isbn =	 {0-89791-973-4},
  pages =	 {146--154},
  location =	 {Minneapolis, Minnesota, United States},
  doi =		 {http://doi.acm.org/10.1145/276884.276901},
  publisher =	 {ACM},
  address =	 {New York, NY, USA},
  lrdedoc =	 {sip/image/complex/kettner.98.scg.pdf},
}

@Article{lomenie.08.prl,
  author =	 {Nicolas Lom\'{e}nie and Georges Stamon},
  title =	 {Morphological mesh filtering and {$\alpha$}-objects},
  journal =	 {Pattern Recognition Letters},
  volume =	 29,
  number =	 10,
  year =	 2008,
  issn =	 {0167-8655},
  pages =	 {1571--1579},
  doi =		 {http://dx.doi.org/10.1016/j.patrec.2008.03.019},
  publisher =	 {Elsevier Science Inc.},
  address =	 {New York, NY, USA},
  lrdedoc =	 {sip/image/morpho/lomenie.08.prl.pdf},
}

@Article{meijster.02.pami,
  author    = {Arnold Meijster and Michael H. F. Wilkinson},
  title     = {A Comparison of Algorithms for Connected Set Openings and
               Closings},
  journal   = IEEE_J_PAMI,
  volume    = {24},
  number    = {4},
  year      = {2002},
  pages     = {484-494},
  ee        = {http://computer.org/tpami/tp2002/i0484abs.htm},
  bibsource = {DBLP, http://dblp.uni-trier.de},
  lrdedoc   = {sip/image/morpho/connected_filters/meijster.02.pami.pdf},
}

@PhdThesis{meijster.04.phd,
  author =	 {Arnold Meijster},
  title =	 {Efficient Sequential and Parallel Algorithms for
                  Morphological Image Processing},
  school =	 {University of Groningen, the Netherlands},
  year =	 {2004},
  month =	 {March},
  lrdedoc =      {sip/image/morpho/connected_filters/meijster.04.phd.pdf},
}

@InProceedings{meyer.91.afcet,
  author =	 {Fernand Meyer},
  title =	 {Un algorithme optimal de ligne de partage des eaux},
  booktitle =	 {Actes du 8e Congr\`es AFCET},
  address =	 {Lyon-Villeurbanne, France},
  pages =	 {847-857},
  year =	 1991,
  publisher =	 {AFCET}
}

@InProceedings{meyer.07.ismm,
  author = 	 {Fernand Meyer and Jes\'us Angulo},
  title = 	 {Micro-viscous morphological operators},
  booktitle =	 {Proceedings of the Eighth International Symposium on
                  Mathematical Morphology (ISMM)},
  pages =	 {165--176},
  year =	 2007,
  month =	 oct,
}

@Article{najman.06.itip,
  author =       {Laurent Najman and Michel Couprie},
  title =        {Building the Component Tree in Quasi-Linear Time},
  journal =      IEEE_J_IP,
  year =         {2006},
  month =        {November},
  volume =       {15},
  number =       {11},
  pages =        {3531--3539},
  lrdedoc =      {sip/image/morpho/connected_filters/najman.06.itip.pdf},
}

@Article{salembier.98.itip,
  author =	 {Philippe Salembier and Albert Oliveras and Luis Garrido},
  title =	 {Antiextensive connected operators for image and
                  sequence processing},
  journal =	 IEEE_J_IP,
  year =	 {1998},
  volume =	 {7},
  number =	 {4},
  pages =	 {555--570},
  lrdedoc =      {sip/image/morpho/connected_filters/salembier.98.itip.pdf},
}

@Article{tarjan.75.jacm,
  author =	 {Robert Endre Tarjan},
  title =	 {Efficiency of a Good But Not Linear Set Union
                  Algorithm},
  journal =	 jacm,
  year =	 {1975},
  volume =	 {22},
  number =	 {2},
  pages =	 {215--225},
}

@Article{van-droogenbroeck.96.prl,
  author =	 {Marc van Droogenbroeck and Hugues Talbot},
  title =	 {Fast computation of morphological operations with
                  arbitrary structuring elements},
  journal =	 {Pattern Recognition Letters},
  volume =	 17,
  number =	 14,
  year =	 1996,
  issn =	 {0167-8655},
  pages =	 {1451--1460},
  doi =		 {http://dx.doi.org/10.1016/S0167-8655(96)00113-4},
  publisher =	 {Elsevier Science Inc.},
  address =	 {New York, NY, USA},
}

@Article{van-herk.92.prl,
  author =	 {Marcel van Herk},
  title =	 {A fast algorithm for local minimum and maximum
                  filters on rectangular and octagonal kernels},
  journal =	 {Pattern Recognition Letters},
  volume =	 13,
  number =	 7,
  year =	 1992,
  issn =	 {0167-8655},
  pages =	 {517--521},
  doi =		 {http://dx.doi.org/10.1016/0167-8655(92)90069-C},
  publisher =	 {Elsevier Science Inc.},
  address =	 {New York, NY, USA},
}

@Article{vincent.89.sp,
  author =	 {Luc Vincent},
  title =	 {Graphs and Mathematical Morphology},
  journal =	 {Signal Processing},
  year =	 1989,
  volume =	 16,
  number =	 4,
  pages =	 {365--388},
  month =	 apr,
  lrdedoc =      {sip/image/morpho/temp/vincent.89.sp.pdf},
}

@InCollection{vincent.92.chapter,
  author =	 {Luc Vincent},
  title =	 {Morphological Algorithms},
  booktitle =	 {Mathematical Morphology in Image Processing},
  editor =	 {Edward R. Dougherty},
  publisher =	 {Marcel Dekker},
  year =	 1992,
  month =	 sep,
  pages =	 {255--288},
  isbn =	 9780824787240,
  lrdedoc =	 {sip/image/morpho/vincent.92.chapter.pdf},
}

@Article{vincent.91.sp,
  author =	 {Luc Vincent},
  title =	 {Morphological Transformations of Binary Images with
                  Arbitrary Structuring Elements},
  journal =	 {Signal Processing},
  year =	 1991,
  volume =	 22,
  number =	 1,
  pages =	 {3--23},
  month =	 jan,
  lrdedoc =      {sip/image/morpho/temp/vincent.91.sp.pdf},
}

@Article{vincent.91.pami,
  author =	 {Luc Vincent and Pierre Soille},
  title =	 {Watersheds in Digital Spaces: An Efficient Algorithm
                  Based on Immersion Simulations},
  journal =	 {IEEE Transactions on Pattern Analysis and Machine
                  Intelligence},
  volume =	 13,
  number =	 6,
  year =	 1991,
  issn =	 {0162-8828},
  pages =	 {583--598},
  doi =		 {http://dx.doi.org/10.1109/34.87344},
  publisher =	 {IEEE Computer Society},
  address =	 {Washington, DC, USA},
  lrdedoc =	 {sip/image/morpho/temp/vincent.91.pami.pdf},
}

@InProceedings{vincent.93.ismm,
  author =       {Luc Vincent},
  title =        {Grayscale Area Openings and Closings: their
                  Applications and Efficient Implementation},
  booktitle =    ismm,
  pages =        {22--27},
  year =         {1993},
}

@Book{yoo.04.book,
  editor =	 {Terry S. Yoo},
  title =	 {Insight into Images: Principles and Practice for
                  Segmentation, Registration, and Image Analysis},
  year =	 2004,
  isbn =	 1568812175,
  publisher =	 {AK Peters Ltd},
}


%%% Local Variables:
%%% ispell-local-dictionary: "american"
%%% End:
