@Manual{tiger.07.assignments,
  oldkeys =	 {tiger.2007.assignments},
  title = 	 {The {Tiger} Compiler Project Assignment},
  author =	 {Akim Demaille and Roland Levillain},
  organization = {EPITA Research and Development Laboratory (LRDE)},
  address =	 {14-16 rue Voltaire, FR-94270 Le Kremlin-Bic\^etre, France},
  year =	 {2007},
  note =	 {\url{http://www.lrde.epita.fr/~akim/ccmp/assignments.pdf}},
}

@Manual{tiger.07.tcrm,
  oldkeys =	 {tiger.2007.tcrm},
  title = 	 {The {Tiger} Compiler Reference Manual},
  author =	 {Akim Demaille and Roland Levillain},
  organization = {EPITA Research and Development Laboratory (LRDE)},
  address =	 {14-16 rue Voltaire, FR-94270 Le Kremlin-Bic\^etre, France},
  year =	 {2007},
  note =	 {\url{http://www.lrde.epita.fr/~akim/ccmp/tiger.pdf}},
}

@misc{tiger.www,
  title =	 {Tiger Project Home Page},
  author =	 {LRDE},
  year =	 2000,
  note =	 {\url{http://tiger.lrde.epita.fr/}}
}
